@inproceedings{Fockler:2005:PMG:1149488.1149490,
 author = {F\"{o}ckler, Paul and Zeidler, Thomas and Brombach, Benjamin and Bruns, Erich and Bimber, Oliver},
 title = {PhoneGuide: museum guidance supported by on-device object recognition on mobile phones},
 booktitle = {Proceedings of the 4th international conference on Mobile and ubiquitous multimedia},
 series = {MUM '05},
 year = {2005},
 isbn = {0-473-10658-2},
 location = {Christchurch, New Zealand},
 pages = {3--10},
 numpages = {8},
 url = {http://doi.acm.org/10.1145/1149488.1149490},
 doi = {10.1145/1149488.1149490},
 acmid = {1149490},
 publisher = {ACM},
 address = {New York, NY, USA},
 keywords = {mobile phones, museum guidance, neural networks, object recognition},
}