@inproceedings{Amlacher:2008:GOR:1409240.1409291,
 author = {Amlacher, Katrin and Paletta, Lucas},
 title = {Geo-indexed object recognition for mobile vision tasks},
 booktitle = {Proceedings of the 10th international conference on Human computer interaction with mobile devices and services},
 series = {MobileHCI '08},
 year = {2008},
 isbn = {978-1-59593-952-4},
 location = {Amsterdam, The Netherlands},
 pages = {371--374},
 numpages = {4},
 url = {http://doi.acm.org/10.1145/1409240.1409291},
 doi = {10.1145/1409240.1409291},
 acmid = {1409291},
 publisher = {ACM},
 address = {New York, NY, USA},
}