@inproceedings{Lameira:2011:ROR:2037373.2037485,
 author = {Lameira, Ana and Jesus, Rui and Correia, Nuno},
 title = {Real-time object recognition using mobile devices},
 booktitle = {Proceedings of the 13th International Conference on Human Computer Interaction with Mobile Devices and Services},
 series = {MobileHCI '11},
 year = {2011},
 isbn = {978-1-4503-0541-9},
 location = {Stockholm, Sweden},
 pages = {687--690},
 numpages = {4},
 url = {http://doi.acm.org/10.1145/2037373.2037485},
 doi = {10.1145/2037373.2037485},
 acmid = {2037485},
 publisher = {ACM},
 address = {New York, NY, USA},
 keywords = {mobile applications, mobile object recognition},
}