@inproceedings{Oppermann:2006:EAT:2166283.2166287,
 author = {Oppermann, Leif and Broll, Gregor and Capra, Mauricio and Benford, Steve},
 title = {Extending authoring tools for location-aware applications with an infrastructure visualization layer},
 booktitle = {Proceedings of the 8th international conference on Ubiquitous Computing},
 series = {UbiComp'06},
 year = {2006},
 isbn = {3-540-39634-9, 978-3-540-39634-5},
 location = {Orange County, CA},
 pages = {52--68},
 numpages = {17},
 url = {http://dx.doi.org/10.1007/11853565_4},
 doi = {10.1007/11853565_4},
 acmid = {2166287},
 publisher = {Springer-Verlag},
 address = {Berlin, Heidelberg},
}