@inproceedings{Langlotz:2012:ARS:2414536.2414588,
 author = {Langlotz, Tobias and Zingerle, Math\"{a}us and Grasset, Raphael and Kaufmann, Hannes and Reitmayr, Gerhard},
 title = {AR Record\&\#38;Replay: situated compositing of video content in mobile augmented reality},
 booktitle = {Proceedings of the 24th Australian Computer-Human Interaction Conference},
 series = {OzCHI '12},
 year = {2012},
 isbn = {978-1-4503-1438-1},
 location = {Melbourne, Australia},
 pages = {318--326},
 numpages = {9},
 url = {http://doi.acm.org/10.1145/2414536.2414588},
 doi = {10.1145/2414536.2414588},
 acmid = {2414588},
 publisher = {ACM},
 address = {New York, NY, USA},
 keywords = {augmented reality, augmented video, mobile phone},
}