@INPROCEEDINGS{Langlotz:2012:ARS:2414536.2414588,
 author = {Langlotz, Tobias and Zingerle, Math\"{a}us and Grasset, Raphael and Kaufmann, Hannes and Reitmayr, Gerhard},
 title = {AR Record\&\#38;Replay: situated compositing of video content in mobile augmented reality},
 booktitle = {Proceedings of the 24th Australian Computer-Human Interaction Conference},
 series = {OzCHI '12},
 year = {2012},
 isbn = {978-1-4503-1438-1},
 location = {Melbourne, Australia},
 pages = {318--326},
 numpages = {9},
 url = {http://doi.acm.org/10.1145/2414536.2414588},
 doi = {10.1145/2414536.2414588},
 acmid = {2414588},
 publisher = {ACM},
 address = {New York, NY, USA},
 keywords = {augmented reality, augmented video, mobile phone},
}
@inproceedings{Oppermann:2006:EAT:2166283.2166287,
 author = {Oppermann, Leif and Broll, Gregor and Capra, Mauricio and Benford, Steve},
 title = {Extending authoring tools for location-aware applications with an infrastructure visualization layer},
 booktitle = {Proceedings of the 8th international conference on Ubiquitous Computing},
 series = {UbiComp'06},
 year = {2006},
 isbn = {3-540-39634-9, 978-3-540-39634-5},
 location = {Orange County, CA},
 pages = {52--68},
 numpages = {17},
 url = {http://dx.doi.org/10.1007/11853565_4},
 doi = {10.1007/11853565_4},
 acmid = {2166287},
 publisher = {Springer-Verlag},
 address = {Berlin, Heidelberg},
}
@inproceedings{Lameira:2011:ROR:2037373.2037485,
 author = {Lameira, Ana and Jesus, Rui and Correia, Nuno},
 title = {Real-time object recognition using mobile devices},
 booktitle = {Proceedings of the 13th International Conference on Human Computer Interaction with Mobile Devices and Services},
 series = {MobileHCI '11},
 year = {2011},
 isbn = {978-1-4503-0541-9},
 location = {Stockholm, Sweden},
 pages = {687--690},
 numpages = {4},
 url = {http://doi.acm.org/10.1145/2037373.2037485},
 doi = {10.1145/2037373.2037485},
 acmid = {2037485},
 publisher = {ACM},
 address = {New York, NY, USA},
 keywords = {mobile applications, mobile object recognition},
}

@inproceedings{Amlacher:2008:GOR:1409240.1409291,
 author = {Amlacher, Katrin and Paletta, Lucas},
 title = {Geo-indexed object recognition for mobile vision tasks},
 booktitle = {Proceedings of the 10th international conference on Human computer interaction with mobile devices and services},
 series = {MobileHCI '08},
 year = {2008},
 isbn = {978-1-59593-952-4},
 location = {Amsterdam, The Netherlands},
 pages = {371--374},
 numpages = {4},
 url = {http://doi.acm.org/10.1145/1409240.1409291},
 doi = {10.1145/1409240.1409291},
 acmid = {1409291},
 publisher = {ACM},
 address = {New York, NY, USA},
}
@inproceedings{Fockler:2005:PMG:1149488.1149490,
 author = {F\"{o}ckler, Paul and Zeidler, Thomas and Brombach, Benjamin and Bruns, Erich and Bimber, Oliver},
 title = {PhoneGuide: museum guidance supported by on-device object recognition on mobile phones},
 booktitle = {Proceedings of the 4th international conference on Mobile and ubiquitous multimedia},
 series = {MUM '05},
 year = {2005},
 isbn = {0-473-10658-2},
 location = {Christchurch, New Zealand},
 pages = {3--10},
 numpages = {8},
 url = {http://doi.acm.org/10.1145/1149488.1149490},
 doi = {10.1145/1149488.1149490},
 acmid = {1149490},
 publisher = {ACM},
 address = {New York, NY, USA},
 keywords = {mobile phones, museum guidance, neural networks, object recognition},
}
@article{Forte:2013:RAA:2442087.2442093,
 author = {Forte, Domenic and Srivastava, Ankur},
 title = {Resource-aware architectures for adaptive particle filter based visual target tracking},
 journal = {ACM Trans. Des. Autom. Electron. Syst.},
 issue_date = {March 2013},
 volume = {18},
 number = {2},
 month = apr,
 year = {2013},
 issn = {1084-4309},
 pages = {22:1--22:27},
 articleno = {22},
 numpages = {27},
 url = {http://doi.acm.org/http://dx.doi.org/10.1145/2442087.2442093},
 doi = {http://dx.doi.org/10.1145/2442087.2442093},
 acmid = {2442093},
 publisher = {ACM},
 address = {New York, NY, USA},
 keywords = {Adaptive Particle Filter, Energy management, Particle Filter, Target tracking, Thermal management},
} 
@InProceedings{eth_biwi_00782,
  author = {S. Gammeter and A. Gassmann and L. Bossard and T. Quack and L. Van Gool},
  title = {Server-side object recognition and client-side object tracking for mobile augmented reality},
  booktitle = {IEEE International Workshop on Mobile Vision (CVPR 2010)},
  year = {2010},
  month = {June},
  keywords = {}
}