%% This BibTeX bibliography file was created using BibDesk.
%% http://bibdesk.sourceforge.net/


%% Created for Osewa at 2013-06-15 09:53:23 +0200 


%% Saved with string encoding Unicode (UTF-8) 



@inproceedings{Langlotz:2012:ARS:2414536.2414588,
	Acmid = {2414588},
	Address = {New York, NY, USA},
	Author = {Langlotz, Tobias and Zingerle, Math\"{a}us and Grasset, Raphael and Kaufmann, Hannes and Reitmayr, Gerhard},
	Booktitle = {Proceedings of the 24th Australian Computer-Human Interaction Conference},
	Date-Added = {2013-06-15 07:52:41 +0000},
	Date-Modified = {2013-06-15 07:52:41 +0000},
	Doi = {10.1145/2414536.2414588},
	Isbn = {978-1-4503-1438-1},
	Keywords = {augmented reality, augmented video, mobile phone},
	Location = {Melbourne, Australia},
	Numpages = {9},
	Pages = {318--326},
	Publisher = {ACM},
	Series = {OzCHI '12},
	Title = {AR Record\&\#38;Replay: situated compositing of video content in mobile augmented reality},
	Url = {http://doi.acm.org/10.1145/2414536.2414588},
	Year = {2012},
	Bdsk-Url-1 = {http://doi.acm.org/10.1145/2414536.2414588},
	Bdsk-Url-2 = {http://dx.doi.org/10.1145/2414536.2414588}}

@inproceedings{Oppermann:2006:EAT:2166283.2166287,
	Acmid = {2166287},
	Address = {Berlin, Heidelberg},
	Author = {Oppermann, Leif and Broll, Gregor and Capra, Mauricio and Benford, Steve},
	Booktitle = {Proceedings of the 8th international conference on Ubiquitous Computing},
	Date-Added = {2013-06-15 07:52:41 +0000},
	Date-Modified = {2013-06-15 07:52:41 +0000},
	Doi = {10.1007/11853565_4},
	Isbn = {3-540-39634-9, 978-3-540-39634-5},
	Location = {Orange County, CA},
	Numpages = {17},
	Pages = {52--68},
	Publisher = {Springer-Verlag},
	Series = {UbiComp'06},
	Title = {Extending authoring tools for location-aware applications with an infrastructure visualization layer},
	Url = {http://dx.doi.org/10.1007/11853565_4},
	Year = {2006},
	Bdsk-Url-1 = {http://dx.doi.org/10.1007/11853565_4}}

@inproceedings{Lameira:2011:ROR:2037373.2037485,
	Acmid = {2037485},
	Address = {New York, NY, USA},
	Author = {Lameira, Ana and Jesus, Rui and Correia, Nuno},
	Booktitle = {Proceedings of the 13th International Conference on Human Computer Interaction with Mobile Devices and Services},
	Date-Added = {2013-06-15 07:52:41 +0000},
	Date-Modified = {2013-06-15 07:52:41 +0000},
	Doi = {10.1145/2037373.2037485},
	Isbn = {978-1-4503-0541-9},
	Keywords = {mobile applications, mobile object recognition},
	Location = {Stockholm, Sweden},
	Numpages = {4},
	Pages = {687--690},
	Publisher = {ACM},
	Series = {MobileHCI '11},
	Title = {Real-time object recognition using mobile devices},
	Url = {http://doi.acm.org/10.1145/2037373.2037485},
	Year = {2011},
	Bdsk-Url-1 = {http://doi.acm.org/10.1145/2037373.2037485},
	Bdsk-Url-2 = {http://dx.doi.org/10.1145/2037373.2037485}}

@inproceedings{Amlacher:2008:GOR:1409240.1409291,
	Acmid = {1409291},
	Address = {New York, NY, USA},
	Author = {Amlacher, Katrin and Paletta, Lucas},
	Booktitle = {Proceedings of the 10th international conference on Human computer interaction with mobile devices and services},
	Date-Added = {2013-06-15 07:52:41 +0000},
	Date-Modified = {2013-06-15 07:52:41 +0000},
	Doi = {10.1145/1409240.1409291},
	Isbn = {978-1-59593-952-4},
	Location = {Amsterdam, The Netherlands},
	Numpages = {4},
	Pages = {371--374},
	Publisher = {ACM},
	Series = {MobileHCI '08},
	Title = {Geo-indexed object recognition for mobile vision tasks},
	Url = {http://doi.acm.org/10.1145/1409240.1409291},
	Year = {2008},
	Bdsk-Url-1 = {http://doi.acm.org/10.1145/1409240.1409291},
	Bdsk-Url-2 = {http://dx.doi.org/10.1145/1409240.1409291}}

@inproceedings{Fockler:2005:PMG:1149488.1149490,
	Acmid = {1149490},
	Address = {New York, NY, USA},
	Author = {F\"{o}ckler, Paul and Zeidler, Thomas and Brombach, Benjamin and Bruns, Erich and Bimber, Oliver},
	Booktitle = {Proceedings of the 4th international conference on Mobile and ubiquitous multimedia},
	Date-Added = {2013-06-15 07:52:41 +0000},
	Date-Modified = {2013-06-15 07:52:41 +0000},
	Doi = {10.1145/1149488.1149490},
	Isbn = {0-473-10658-2},
	Keywords = {mobile phones, museum guidance, neural networks, object recognition},
	Location = {Christchurch, New Zealand},
	Numpages = {8},
	Pages = {3--10},
	Publisher = {ACM},
	Series = {MUM '05},
	Title = {PhoneGuide: museum guidance supported by on-device object recognition on mobile phones},
	Url = {http://doi.acm.org/10.1145/1149488.1149490},
	Year = {2005},
	Bdsk-Url-1 = {http://doi.acm.org/10.1145/1149488.1149490},
	Bdsk-Url-2 = {http://dx.doi.org/10.1145/1149488.1149490}}

@article{Forte:2013:RAA:2442087.2442093,
	Acmid = {2442093},
	Address = {New York, NY, USA},
	Articleno = {22},
	Author = {Forte, Domenic and Srivastava, Ankur},
	Date-Added = {2013-06-15 07:52:41 +0000},
	Date-Modified = {2013-06-15 07:52:41 +0000},
	Doi = {http://dx.doi.org/10.1145/2442087.2442093},
	Issn = {1084-4309},
	Issue_Date = {March 2013},
	Journal = {ACM Trans. Des. Autom. Electron. Syst.},
	Keywords = {Adaptive Particle Filter, Energy management, Particle Filter, Target tracking, Thermal management},
	Month = apr,
	Number = {2},
	Numpages = {27},
	Pages = {22:1--22:27},
	Publisher = {ACM},
	Title = {Resource-aware architectures for adaptive particle filter based visual target tracking},
	Url = {http://doi.acm.org/http://dx.doi.org/10.1145/2442087.2442093},
	Volume = {18},
	Year = {2013},
	Bdsk-Url-1 = {http://doi.acm.org/http://dx.doi.org/10.1145/2442087.2442093},
	Bdsk-Url-2 = {http://dx.doi.org/10.1145/2442087.2442093}}

@inproceedings{eth_biwi_00782,
	Author = {S. Gammeter and A. Gassmann and L. Bossard and T. Quack and L. Van Gool},
	Booktitle = {IEEE International Workshop on Mobile Vision (CVPR 2010)},
	Date-Added = {2013-06-15 07:52:41 +0000},
	Date-Modified = {2013-06-15 07:52:41 +0000},
	Month = {June},
	Title = {Server-side object recognition and client-side object tracking for mobile augmented reality},
	Year = {2010}}
